{
  "leader": "02583cam a2200385 i 4500",
  "fields": [
    {
      "001": "ocm00222048\\"
    },
    {
      "003": "OCoLC"
    },
    {
      "005": "20220106143446.0"
    },
    {
      "008": "720104s1971\\\\\\\\mauc\\\\\\\\\\b\\\\\\\\001\\0\\eng\\\\"
    },
    {
      "010": {
        "ind1": "\\",
        "ind2": "\\",
        "subfields": [
          {
            "a": "   76161866 "
          }
        ]
      }
    },
    {
      "040": {
        "ind1": "\\",
        "ind2": "\\",
        "subfields": [
          {
            "a": "DLC"
          },
          {
            "b": "eng"
          },
          {
            "c": "DLC"
          },
          {
            "d": "BTCTA"
          },
          {
            "d": "UKMGB"
          },
          {
            "d": "TULIB"
          },
          {
            "d": "OCLCF"
          },
          {
            "d": "U3W"
          },
          {
            "d": "CNUTO"
          },
          {
            "d": "OCLCO"
          },
          {
            "d": "HTC"
          },
          {
            "d": "OCL"
          },
          {
            "d": "NLC"
          },
          {
            "d": "OCLCQ"
          },
          {
            "d": "CUY"
          },
          {
            "d": "ZHC"
          }
        ]
      }
    },
    {
      "016": {
        "ind1": "7",
        "ind2": "\\",
        "subfields": [
          {
            "a": "002783338"
          },
          {
            "2": "Uk"
          }
        ]
      }
    },
    {
      "016": {
        "ind1": "\\",
        "ind2": "\\",
        "subfields": [
          {
            "a": "(AMICUS)000001328164"
          }
        ]
      }
    },
    {
      "019": {
        "ind1": "\\",
        "ind2": "\\",
        "subfields": [
          {
            "a": "977242952"
          },
          {
            "a": "1078518050"
          },
          {
            "a": "1080174559"
          },
          {
            "a": "1158123698"
          },
          {
            "a": "1172181143"
          },
          {
            "a": "1201920255"
          }
        ]
      }
    },
    {
      "035": {
        "ind1": "\\",
        "ind2": "\\",
        "subfields": [
          {
            "a": "(OCoLC)222048"
          },
          {
            "z": "(OCoLC)977242952"
          },
          {
            "z": "(OCoLC)1078518050"
          },
          {
            "z": "(OCoLC)1080174559"
          },
          {
            "z": "(OCoLC)1158123698"
          },
          {
            "z": "(OCoLC)1172181143"
          },
          {
            "z": "(OCoLC)1201920255"
          }
        ]
      }
    },
    {
      "043": {
        "ind1": "\\",
        "ind2": "\\",
        "subfields": [
          {
            "a": "n-us---"
          }
        ]
      }
    },
    {
      "050": {
        "ind1": "0",
        "ind2": "0",
        "subfields": [
          {
            "a": "E185.5.N33"
          },
          {
            "b": "P3"
          }
        ]
      }
    },
    {
      "082": {
        "ind1": "0",
        "ind2": "0",
        "subfields": [
          {
            "a": "301.4519607301732"
          },
          {
            "b": "PAR"
          }
        ]
      }
    },
    {
      "100": {
        "ind1": "1",
        "ind2": "\\",
        "subfields": [
          {
            "a": "Parris, Guichard."
          }
        ]
      }
    },
    {
      "245": {
        "ind1": "1",
        "ind2": "0",
        "subfields": [
          {
            "a": "Blacks in the city :"
          },
          {
            "b": "a history of the National Urban League /"
          },
          {
            "c": "by Guichard Parris and Lester Brooks."
          }
        ]
      }
    },
    {
      "250": {
        "ind1": "\\",
        "ind2": "\\",
        "subfields": [
          {
            "a": "[1st ed.]."
          }
        ]
      }
    },
    {
      "260": {
        "ind1": "\\",
        "ind2": "\\",
        "subfields": [
          {
            "a": "Boston :"
          },
          {
            "b": "Little, Brown,"
          },
          {
            "c": "[1971]"
          }
        ]
      }
    },
    {
      "300": {
        "ind1": "\\",
        "ind2": "\\",
        "subfields": [
          {
            "a": "xi, 534 pages :"
          },
          {
            "b": "portraits ;"
          },
          {
            "c": "24 cm"
          }
        ]
      }
    },
    {
      "336": {
        "ind1": "\\",
        "ind2": "\\",
        "subfields": [
          {
            "a": "text"
          },
          {
            "b": "txt"
          },
          {
            "2": "rdacontent"
          }
        ]
      }
    },
    {
      "337": {
        "ind1": "\\",
        "ind2": "\\",
        "subfields": [
          {
            "a": "unmediated"
          },
          {
            "b": "n"
          },
          {
            "2": "rdamedia"
          }
        ]
      }
    },
    {
      "338": {
        "ind1": "\\",
        "ind2": "\\",
        "subfields": [
          {
            "a": "volume"
          },
          {
            "b": "nc"
          },
          {
            "2": "rdacarrier"
          }
        ]
      }
    },
    {
      "504": {
        "ind1": "\\",
        "ind2": "\\",
        "subfields": [
          {
            "a": "Includes bibliographical references."
          }
        ]
      }
    },
    {
      "505": {
        "ind1": "0",
        "ind2": "\\",
        "subfields": [
          {
            "a": "Ladies first -- The industrial concern -- The social concern -- A new era -- Black city pioneering -- Beginnings -- Inside story -- Migration and expansion -- Anatomy of a conflict -- Farm to factory -- The federal government enters -- World War I readjustment -- Moving west -- A reorganization -- Wooing organized labor -- The \"new Negro\" -- A change in pilots -- The spread of information -- Focus on industry -- Black social workers -- Other forces at work -- Anchor and hope -- The great leveler -- Focus on Washington -- Grass-roots action -- Organizing the unorganized -- Transition -- Another pilot -- March time -- The war emergency -- New forms of social action -- Housing pioneers -- Enlisting industry -- Civil rights -- Money problems -- Social engineering -- Under attack -- A reexamination -- After the landmark -- Afflictions of leadership -- A new pilot -- \"Operation Rescue\" -- Turning point -- Federal commitment -- The mood shifts -- Crisis and commitment -- Beyond civil rights -- New thrust -- Building ghetto power -- A final word."
          }
        ]
      }
    },
    {
      "610": {
        "ind1": "2",
        "ind2": "0",
        "subfields": [
          {
            "a": "National Urban League."
          }
        ]
      }
    },
    {
      "610": {
        "ind1": "2",
        "ind2": "7",
        "subfields": [
          {
            "a": "National Urban League."
          },
          {
            "2": "fast"
          },
          {
            "0": "(OCoLC)fst00533612"
          }
        ]
      }
    },
    {
      "700": {
        "ind1": "1",
        "ind2": "\\",
        "subfields": [
          {
            "a": "Brooks, Lester."
          }
        ]
      }
    },
    {
      "776": {
        "ind1": "0",
        "ind2": "8",
        "subfields": [
          {
            "i": "Online version:"
          },
          {
            "a": "Parris, Guichard."
          },
          {
            "t": "Blacks in the city."
          },
          {
            "b": "[1st ed.]."
          },
          {
            "d": "Boston, Little, Brown [1971]"
          },
          {
            "w": "(OCoLC)655232438"
          }
        ]
      }
    },
    {
      "994": {
        "ind1": "\\",
        "ind2": "\\",
        "subfields": [
          {
            "a": "Z0"
          },
          {
            "b": "NYRVC"
          }
        ]
      }
    },
    {
      "948": {
        "ind1": "\\",
        "ind2": "\\",
        "subfields": [
          {
            "h": "NO HOLDINGS IN NYRVC - 794 OTHER HOLDINGS"
          }
        ]
      }
    },
    {
      "999": {
        "ind1": "\\",
        "ind2": "\\",
        "subfields": [
          {
            "a": "00000000014688"
          }
        ]
      }
    }
  ]
}